@article{HosseiniAraabiSoltanianZadeh:2010,
author={Hosseini, M.S. and Araabi, B.N. and Soltanian-Zadeh, H.},
journal={Instrumentation and Measurement, IEEE Transactions on},
title={Pigment Melanin: Pattern for Iris Recognition},
year={2010},
month={april},
volume={59},
number={4},
pages={792 -804},
doi={10.1109/TIM.2009.2037996},
ISSN={0018-9456},
}

@inproceedings{koch2015siamese,
  title={Siamese neural networks for one-shot image recognition},
  author={Koch, Gregory and Zemel, Richard and Salakhutdinov, Ruslan and others},
  booktitle={ICML deep learning workshop},
  volume={2},
  pages={0},
  year={2015},
  organization={Lille}
}

@ARTICLE{9036930,
  author={Wang, Caiyong and Muhammad, Jawad and Wang, Yunlong and He, Zhaofeng and Sun, Zhenan},
  journal={IEEE Transactions on Information Forensics and Security}, 
  title={Towards Complete and Accurate Iris Segmentation Using Deep Multi-Task Attention Network for Non-Cooperative Iris Recognition}, 
  year={2020},
  volume={15},
  number={},
  pages={2944-2959},
  doi={10.1109/TIFS.2020.2980791}}